<?xml version="1.0" encoding="UTF-8"?><collection xmlns="http://www.loc.gov/MARC21/slim"><record><leader>00572nam--2200181-i-4500</leader><controlfield tag="001">000003803</controlfield><controlfield tag="002">20161230</controlfield><controlfield tag="005">20161230201025</controlfield><controlfield tag="008">060222s1000------------r-----000-0-rum-d</controlfield><datafield ind1=" " ind2=" " tag="040"><subfield code="a">IFIN-HH</subfield></datafield><datafield ind1=" " ind2=" " tag="041"><subfield code="a">rum</subfield></datafield><datafield ind1=" " ind2=" " tag="080"><subfield code="a">53:029.75</subfield></datafield><datafield ind1="1" ind2=" " tag="110"><subfield code="a">Institutul Politehnic Bucuresti</subfield></datafield><datafield ind1="1" ind2="0" tag="245"><subfield code="a">Curs de fizica generala vol. 2. electrostatica, electrodinamica, magnetism, electromagnetism, inductie, oscilatii si unde electromagnetice</subfield></datafield><datafield ind1=" " ind2=" " tag="260"><subfield code="a">Bucuresti</subfield><subfield code="b">Editura Institutului Politehnic</subfield><subfield code="c">1953</subfield></datafield><datafield ind1=" " ind2=" " tag="300"><subfield code="a">291P</subfield></datafield><datafield ind1=" " ind2=" " tag="852"><subfield code="a">26140</subfield><subfield code="c">53</subfield></datafield><datafield ind1=" " ind2=" " tag="CAT"><subfield code="a">Sys</subfield><subfield code="c">20150218</subfield><subfield code="h">152735</subfield></datafield></record></collection>